%%%% This was auto-generated using /home/mroughan/bin/bibextract.pl
@Misc{weisstein:_circle_line_picking,
  author = 	 {Weisstein, Eric W.},
  title = 	 {Circle Line Picking},
  howpublished = {From MathWorld--A Wolfram Web Resource. \url{http://mathworld.wolfram.com/CircleLinePicking.html} }}

@Misc{weisstein:_squar_line_picking,
  author = 	 {Weisstein, Eric W.},
  title = 	 {Square Line Picking},
  howpublished = {From MathWorld--A Wolfram Web Resource. \url{http://mathworld.wolfram.com/SquareLinePicking.html} }}

@Misc{weisstein:_sphere_line_picking,
  author = 	 {Weisstein, Eric W.},
  title = 	 {Sphere Line Picking},
  howpublished = {From MathWorld--A Wolfram Web Resource. \url{http://mathworld.wolfram.com/SphereLinePicking.html} }}

@Misc{weisstein:_cube_line_picking,
  author = 	 {Weisstein, Eric W.},
  title = 	 {Cube Line Picking},
  howpublished = {From MathWorld--A Wolfram Web Resource. \url{http://mathworld.wolfram.com/CubeLinePicking.html} }}

@Misc{tu00:_circle_line,
  author = 	 {Tu, S.-J. and Fischbach, E.},
  title = 	 {A New Geometric Probability Technique for an {N}-Dimensional Sphere and Its Applications},
  year = 	 2000,
  howpublished = {arXiv:math-ph/0004021v3, \url{http://arxiv.org/abs/math-ph/0004021}}}

@Article{bartlett64,
  author = 	 {M.S. Bartlett},
  title = 	 {The Spectral Analysis of Two-Dimensional Point Processes},
  journal = 	 {Biometrika},
  year = 	 1964,
  volume = 	 51,
  number = 	 {3/4},
  pages = 	 {299-311}}

@Article{m.naldi05:_connec_of_waxman_graph,
  author = 	 {M.Naldi},
  title = 	 {Connectivity of {Waxman} Graphs},
  journal = 	 {Computer Communications},
  year = 	 2005,
  volume = 	 29,
  pages = 	 {24-31}}

