%%%% This was auto-generated using /home/mroughan/bin/bibextract.pl
@article{Rosenberg200499,
   title = "The expected length of a random line segment in a rectangle",
   journal = "Operations Research Letters",
   volume = "32",
   number = "2",
   pages = "99-102",
   year = "2004",
   issn = "0167-6377",
   doi = "10.1016/S0167-6377(03)00072-5",
   url = "http://www.sciencedirect.com/science/article/pii/S0167637703000725",
   author = "Eric Rosenberg"
}

